<record><leader>00000cas a22000007a 4500</leader><controlfield tag="001">20404386</controlfield><controlfield tag="008">890927d19751975mouwr ne      0    0eng d</controlfield><datafield ind1=" " ind2=" " tag="010"><subfield code="a">sn 89066980 </subfield></datafield><datafield ind1=" " ind2=" " tag="040"><subfield code="a">MQN</subfield><subfield code="b">eng</subfield><subfield code="c">MQN</subfield><subfield code="d">OCLCQ</subfield></datafield><datafield ind1=" " ind2=" " tag="042"><subfield code="a">msc</subfield></datafield><datafield ind1="0" ind2="0" tag="245"><subfield code="a">Rustic republican.</subfield></datafield><datafield ind1="1" ind2="3" tag="246"><subfield code="a">Lebanon rustic-republican</subfield></datafield><datafield ind1=" " ind2=" " tag="260"><subfield code="a">Lebanon, Mo. :</subfield><subfield code="b">Lebanon Pub. Co.,</subfield><subfield code="c">1975.</subfield></datafield><datafield ind1=" " ind2=" " tag="300"><subfield code="a">v.</subfield></datafield><datafield ind1=" " ind2=" " tag="310"><subfield code="a">Weekly</subfield></datafield><datafield ind1="0" ind2=" " tag="362"><subfield code="a">Vol. 40, no. 7 (Feb. 13, 1975)-v. 40, no. 39 (Sept. 25, 1975).</subfield></datafield><datafield ind1=" " ind2="4" tag="651"><subfield code="a">Lebanon (Mo.)</subfield><subfield code="v">Newspapers.</subfield></datafield><datafield ind1=" " ind2=" " tag="752"><subfield code="a">United States</subfield><subfield code="b">Missouri</subfield><subfield code="c">Laclede</subfield><subfield code="d">Lebanon.</subfield></datafield><datafield ind1="0" ind2="0" tag="780"><subfield code="t">Lebanon rustic-republican</subfield><subfield code="w">(DLC)sn 89066979</subfield></datafield><datafield ind1="0" ind2="4" tag="785"><subfield code="t">Lebanon daily record</subfield><subfield code="w">(DLC)sn 89066950</subfield></datafield><datafield ind1="1" ind2=" " tag="029"><subfield code="a">AU@</subfield><subfield code="b">000020620639</subfield></datafield></record>